%% This BibTeX bibliography file was created using BibDesk.
%% http://bibdesk.sourceforge.net/

%% Created for Jamie Law at 2017-03-28 14:07:26 +0100 


%% Saved with string encoding Unicode (UTF-8) 



@techreport{placeholder,
	Author = {placeholder},
	Date-Added = {2017-03-28 13:06:51 +0000},
	Date-Modified = {2017-03-28 13:07:04 +0000},
	Institution = {placeholder},
	Title = {placeholder},
	Year = {placeholder}}
